@inproceedings{aurora,
author = {Verbitski, Alexandre and Bao, Xiaofeng and Gupta, Anurag and Saha, Debanjan and Brahmadesam, Murali and Gupta, Kamal and Mittal, Raman and Krishnamurthy, Sailesh and Maurice, Sandor and Kharatishvili, Tengiz},
year = {2017},
month = {05},
pages = {1041-1052},
title = {Amazon Aurora: Design Considerations for High Throughput Cloud-Native Relational Databases},
doi = {10.1145/3035918.3056101}
}